@book{goossens93,
    author    = "Sreenivas Makam",
    title     = "Mastering CoreOS",
    year      = "2016",
    month     = "February"
    publisher = "Packt Publishing",
    ISBN      = "WEB 978-1-78528-830-2"
}

@electronic{DigitalOcean Tutorials,
  author = {{Justin Ellingwood}},
  year = {26 de {M}ayo de 2015},
  title = {El Ecosistema de Docker: Una Visión General de la Contenerización \texttt{https://www.digitalocean.com/community/tutorials/el-ecosistema-de-docker-una-vision-general-de-la-contenerizacion-es}}
}

@electronic{OpenWebinars,
  author = {{Esaú A.}},
  year = {5 de {M}ayo de 2014},
  title = {Docker, Qué es y sus principales características. \texttt{https://openwebinars.net/blog/docker-que-es-sus-principales-caracteristicas}}
}

@electronic{Wikipedia{,} La enciclopedia libre,
  year = {23 de {A}gosto de 2016},
  title = {Docker (software). \texttt{https://es.wikipedia.org/w/index.php?title=Docker_(software)&oldid=93129360}}
}

@electronic{Docker,
  title = {What is Docker? \texttt{https://www.docker.com/what-docker}}
}

@electronic{Wikipedia{,} La enciclopedia libre,
  year = {13 de {O}ctubre de 2016},
  title = {Operating-system-level virtualization. \texttt{https://en.wikipedia.org/wiki/Operating-system-level_virtualization}}
}

@electronic{Carina Documentation,
  author = {{Mike Metral}},
  year = {19 de {O}ctubre de 2015},
  title = {Introduction to container technologies: container operating systems. \texttt{https://getcarina.com/docs/best-practices/container-technologies-operating-systems}}
}

@electronic{LINUXBSDOS.COM,
  year = {4 de {A}bril de 2015},
  title = {6 operating systems designed just for Docker and other container runtimes. \texttt{http://linuxbsdos.com/2015/04/04/6-operating-systems-designed-just-for-docker-and-other-container-runtimes}}
}

@electronic{Nordic APIS,
  author = {{Vassili Van Der Mersch}},
  year = {15 de {M}arzo de 2016},
  title = {API-Driven DevOps: Spotlight on Docker. \texttt{http://nordicapis.com/api-driven-devops-spotlight-on-docker}}
}

@electronic{Wikipedia{,} La enciclopedia libre,
  year = {8 de {S}eptiembre de 2016},
  title = {CoreOS. \texttt{https://es.wikipedia.org/wiki/CoreOS}}
}

@electronic{Ubuntu,
  title = {UbuntuCore. \texttt{https://www.ubuntu.com/core}}
}

@electronic{Red Hat Documentation,
  title = {Red Hat Enterprise Linux Atomic Host 7. \texttt{https://access.redhat.com/documentation/en/red-hat-enterprise-linux-atomic-host/7/single/installation-and-configuration-guide}}
}

@electronic{Project Atomic,
  title = {Introduction to Project Atomic. \texttt{http://www.projectatomic.io/docs/introduction}}
}

@electronic{Wikipedia{,} La enciclopedia libre,
  year = {25 de {S}eptiembre de 2016},
  title = {DigitalOcean. \texttt{https://es.wikipedia.org/wiki/DigitalOcean}}
}

@electronic{Microsoft Azure,
  title = {¿Qué es la IaaS?. \texttt{https://azure.microsoft.com/es-es/overview/what-is-iaas}}
}

@electronic{DigitalOcean,
  title = {Help & knowledgebase. \texttt{https://www.digitalocean.com/help}}
}

@electronic{Netcraft,
  title = {DigitalOcean now growing faster than Amazon. \texttt{https://news.netcraft.com/archives/2013/12/11/digitalocean-now-growing-faster-than-amazon.html}}
}

@electronic{Wikipedia{,} La enciclopedia libre,
  year = {14 de {O}ctubre de 2016},
  title = {Amazon Web Services. \texttt{https://es.wikipedia.org/wiki/Amazon_Web_Services}}
}

@electronic{AWS,
  title = {Cloud Computing con Amazon Web Services. \texttt{https://aws.amazon.com/es/what-is-aws/}}
}

@electronic{Vagrant,
  title = {About Vagrant. \texttt{https://www.vagrantup.com/about.html}}
}

@electronic{Wikipedia{,} La enciclopedia libre,
  year = {29 de {O}ctubre de 2016},
  title = {Vagrant (software). \texttt{https://en.wikipedia.org/wiki/Vagrant_(software)}}
}

@electronic{Vagrant,
  title = {Boxes. \texttt{https://www.vagrantup.com/docs/boxes.html}}
}

@electronic{Wikipedia{,} La enciclopedia libre,
  year = {19 de {O}ctubre de 2016},
  title = {VirtualBox. \texttt{https://en.wikipedia.org/wiki/VirtualBox}}
}

@electronic{CoreOS,
  title = {Getting Started with systemd. \texttt{https://coreos.com/docs/launching-containers/launching/getting-started-with-systemd/}}
}

@electronic{LordElph's Ramblings,
  author = {{Paul Dixon}},
  year = {1 de {F}ebruary de 2015},
  title = {Load balancing with coreos, confd and nginx \texttt{http://blog.dixo.net/2015/02/load-balancing-with-coreos}}
}

@electronic{Docker Docs,
  title = {Docker Swarm overview \texttt{https://docs.docker.com/swarm/overview}}
}

@electronic{Wikipedia, La enciclopedia libre,
  year = {10 de {N}ovember de 2016},
  title = {Apache Mesos \texttt{https://en.wikipedia.org/wiki/Apache_Mesos}}
}

@electronic{Kubernetes,
  title = {What is Kubernetes? \texttt{http://kubernetes.io/docs/whatisk8s}}
}

@electronic{
  author = {{Adrián Mejía.}},
  year = {11 de {A}gosto de 2011},
  title = {Ruby on Rails Architectural Design. \texttt{http://adrianmejia.com/blog/2011/08/11/ruby-on-rails-architectural-design}}
}

@electronic{
  author = {{Michael Hartl.}},
  title = {Ruby on Rails Tutorial (Rails 5). \texttt{https://www.railstutorial.org}}
}

